@book{convnet,
    author = "Venkatesan Ragav and Li Baoxin",
    title = "Convolutional Neural Networks in Visual Computing: A Concise Guide",
    PUBLISHER="CRC Press",
    year = 2017
}

@article{convnet-1,
    author = "Ljubisa Stankovic and Danilo Mandic",
    title = "Convolutional Neural Networks Demystified: A Matched Filtering Perspective Based Tutorial",
    journal = "arxiv" ,
    year = 2022
}
@article{convnet-fig,
    author = "Ahmad Naebi and Zuren Feng",
    title = "The Performance of a Lip-Sync Imagery Model, New Combinations of Signals, a Supplemental Bond Graph Classifier, and Deep Formula Detection as an Extraction and Root Classifier for Electroencephalograms and Brain–Computer Interfaces",
    journal = "Applied Sciences",
    year = 2023
}
@MISC{convnet-2,
    HOWPUBLISHED = "\url{http://deeplearning.net/tutorial/lenet.html}",
    TITLE = "Convolutional Neural Networks (LeNet)",
    YEAR = "2010",
    NOTE = "Accessed on 2024-06-24"
}
@MISC{relu-0,
    AUTHOR = "Brownlee, Jason",
    HOWPUBLISHED = "\href{https://machinelearningmastery.com/rectified-linear-activation-function-for-deep-learning-neural-networks/}{machine learning mastery-relu}",
    TITLE = "A Gentle Introduction to the Rectified Linear Unit (ReLU)",
    YEAR = "2019",
    NOTE = "Accessed on 8 April 2021"
}

@article{convnet-3,
    author = "Ciresan, Dan and Ueli Meier and Jonathan Masci and Luca M. Gambardella and Jurgen Schmidhuber",
    title = "Flexible, High Performance Convolutional Neural Networks for Image Classification",
    journal = "Twenty-Second International Joint Conference on Artificial Intelligence-Volume Volume Two. 2: 1237–1242",
    year = 2013
}

@phdthesis{tf,
    author = "West, Jeremy and Ventura, Dan and Warnick, Sean",
    title = "Spring Research Presentation: A Theoretical Foundation for Inductive Transfer",
    school = "Brigham Young University, College of Physical and Mathematical Sciences",
    year = 2007
}

@phdthesis{ft,
    author = "Quinn, Joanne",
    title = " Dive into deep learning: tools for engagement",
    school = "Thousand Oaks, California",
    year = 2020
}

@article{efficient-fine-tuning,
    author = "Liu, Haokun and Tam, Derek and Muqeeth, Mohammed and Mohta, Jay and Huang, Tenghao and Bansal, Mohit and Raffel, Colin A",
    title =  "Few-Shot Parameter-Efficient Fine-Tuning is Better and Cheaper than In-Context Learning",
    journal = "Advances in Neural Information Processing Systems. Vol. 35. Curran Associates",
    year = 2022
}

@article{Visualizing-and-Understanding-Convolutional-Networks,
    author = "Zeiler Matthew, D and Fergus, Rob",
    title = "Visualizing and Understanding Convolutional Networks",
    journal = "ECCV",
    year = 2013
}

@article{fine-tuned-pretrained-model-1,
    author = " Dodge, Jesse and Ilharco, Gabriel and Schwartz, Roy and Farhadi, Ali and Hajishirzi, Hannaneh and Smith, Noah ",
    title = "Fine-Tuning Pretrained Language Models: Weight Initializations, Data Orders, and Early Stopping",
    journal = "",
    link = "https://arxiv.org/abs/2002.06305",
    year = 2020
}

@article{vgg16,
    author = "Karen Simonyan and  Andrew Zisserman",
    title = "Fine-Tuning Pre-trained Language Model with Weak Supervision: A Contrastive-Regularized Self-Training Approach",
    journal = "arxiv",
    link = "https://arxiv.org/abs/1409.1556",
    year = 2014
}
@article{mobilenetV1,
    author = "Andrew G. Howard and Menglong Zhu and Bo Chen and Dmitry Kalenichenko and Weijun Wang and Tobias Weyand and Marco Andreetto and Hartwig Adam",
    title = "MobileNets: Efficient Convolutional Neural Networks for Mobile Vision Applications",
    journal = "arxiv",
    link = "https://arxiv.org/abs/1704.04861",
    year = 2017
}
@article{mobilenetV2,
    author = "Mark Sandler and Andrew Howard and Menglong Zhu and Andrey Zhmoginov and Liang-Chieh Chen",
    title = "MobileNetV2: Inverted Residuals and Linear Bottlenecks",
    journal = "arxiv",
    link = "https://arxiv.org/abs/1801.04381",
    year = 2018
}
@article{xception,
    author = "François Chollet",
    title = "Xception: Deep Learning with Depthwise Separable Convolutions",
    journal = "arxiv",
    link = "https://arxiv.org/abs/1610.02357",
    year = 2016
}

@article{fine-tuned-pretrained-model-2,
    author = "Yu, Yue and Zuo, Simiao and Jiang, Haoming and Ren, Wendi and Zhao, Tuo and Zhang, Chao ",
    title = "Very Deep Convolutional Networks for Large-Scale Image Recognition",
    journal = "Association for Computational Linguistics",
    year = 2020
}

@MISC{WEBSITE:vgg16-arch-diagram,
    HOWPUBLISHED = "\url{https://www.kaggle.com/code/blurredmachine/vggnet-16-architecture-a-complete-guide}",
    AUTHOR = "PARAS VARSHNEY",
    TITLE = "Kaggle",
    YEAR = "2020",
    NOTE = "Accessed on 2024-06-24"
}
@article{attention-is-all-you-need,
    author = "Ashish Vaswani and Noam Shazeer and Niki Parmar and Jakob Uszkoreit and Llion Jones and Aidan N. Gomez and Lukasz Kaiser and Illia Polosukhin",
    title = "Attention Is All You Need",
    journal = "arxiv",
    link = "https://arxiv.org/abs/1706.03762",
    year = 2023
}
@article{vision-transformer,
    author = "Alexey Dosovitskiy and Lucas Beyer and Alexander Kolesnikov and Dirk Weissenborn and Xiaohua Zhai and Thomas Unterthiner and Mostafa Dehghani and Matthias Minderer and Georg Heigold and Sylvain Gelly and Jakob Uszkoreit and Neil Houlsby",
    title = "An Image is Worth 16x16 Words: Transformers for Image Recognition at Scale",
    journal = "arxiv",
    link = "https://arxiv.org/abs/2010.11929",
    year = 2020
}
@article{smap-paper,
    author = "Karen Simonyan and Andrea Vedaldi and Andrew Zisserman",
    title = "Deep Inside Convolutional Networks: Visualising Image Classification Models and Saliency Maps",
    journal = "arxiv",
    link = "https://arxiv.org/abs/1312.6034",
    year = 2013
}
@article{smap-paper-1,
    author = "Ahmed Alqaraawi and Martin Schuessler and Philipp Weiß and Enrico Costanza and Nadia Berthouze",
    title = "Evaluating Saliency Map Explanations for Convolutional Neural
Networks: A User Study",
    journal = "arxiv",
    link = "https://arxiv.org/abs/2002.00772",
    year = 2020
}
@MISC{WEBSITE:smap-ref,
    HOWPUBLISHED = "\url{https://medium.com/@bijil.subhash/explainable-ai-saliency-maps-89098e230100}",
    AUTHOR = "Dipanjan Sarkar",
    TITLE = "Explainable AI: Saliency Maps",
    MONTH = "Mar",
    YEAR = "2022",
    NOTE = "Accessed on 2024-06-24"
}

@MISC{WEBSITE:model-interpretation-medium,
    HOWPUBLISHED = "\href{https://towardsdatascience.com/explainable-artificial-intelligence-part-2-model-interpretation-strategies-75d4afa6b739}{Explainable AI}",
    AUTHOR = "Dipanjan Sarkar",
    TITLE = "Model Interpretation Strategies",
    MONTH = "Nov",
    YEAR = "2018",
    NOTE = "Accessed on 2024-06-24"
}

@article{pca-0,
    author = "Jolliffe and Ian T and Jorge Cadima",
    title = "Principal component analysis\: A review and recent developments",
    journal = "Series A, Mathematical, physical, and engineering sciences vol. 374,2065 (2016):20150202. doi:10.1098/rsta.2015.0202",
    year = 2016 
}

@article{pca-1,
    author = "Jonathon Shlens",
    title = "A Tutorial on Principal Component Analysis",
    journal = "arXiv",
    year = 2017,
    eprint = "1404.1100",
    archivePrefix = "arXiv"
}

@article{tsne-0,
    author = "T. Tony Cai and Rong Ma",
    title = "Theoretical Foundations of t-SNE for Visualizing High-Dimensional Clustered Data",
    journal = "arxiv",
    year = 2022 
}

@article{tsne-1,
    author = "Sanjeev Arora and Wei Hu and Pravesh K. Kothari",
    title = "An Analysis of the t-SNE Algorithm for Data Visualization",
    journal = "arxiv",
    year = 2018 
}

@article{tsne-2,
    author = "Zhirong Yang and Yuwei Chen and Jukka Corander",
    title = "T-SNE Is Not Optimized to Reveal Clusters in Data",
    journal = "arxiv",
    year = 2021 
}

@MISC{WEBSITE:1,
    HOWPUBLISHED = "\url{https://www.mdpi.com/2076-3417/13/21/11787}",
    AUTHOR = "Intel",
    TITLE = "Example Website",
    MONTH = "Dec",
    YEAR = "1988",
    NOTE = "Accessed on 2012-11-11"
}

@book{gml,
    author = "Luis G. Serrano",
    title = "Grokking Machine Learning",
    PUBLISHER="Manning",
    year = 2021
}
@article{svm-0,
    author = "CORINNA CORTES and VLADIMIR VAPNIK",
    title = "Support-Vector Networks",
    journal = " 1995 Kluwer Academic Publishers, Boston",
    year = 1995 
}
@article{kernel,
    author = "THOMAS HOFMANN AND BERNHARD SCHÖLKOPF AND ALEXANDER J. SMOLA",
    title = "KERNEL METHODS IN MACHINE LEARNING",
    journal = "The Annals of Statistics 2008, Vol. 36, No. 3, 1171–1220",
    year = 2008 
}
@article{knn,
    author = "Cover, Thomas M. and Hart, Peter E",
    title = "Nearest neighbor pattern classification",
    journal = "IEEE Transactions on Information Theory",
    year = 1967 
}
@article{em,
    author = "D. Opitz and R. Maclin",
    title = "Popular Ensemble Methods: An Empirical Study",
    journal = "Journal of Artificial Intelligence Research. Vol 11",
    year = 1999
}

@misc{knn-credit,
    author = "Antti Ajanki AnAj",
    note = "CC BY-SA 3.0, via Wikimedia Commons"
}
@article{rf-1,
    author = "Ho, Tin Kam",
    title = "Random Decision Forests",
    journal = "Proceedings of the 3rd International Conference on Document Analysis and Recognition",
    year = 1995
}
@ARTICLE{rf-2,
  author={Tin Kam Ho},
  journal={IEEE Transactions on Pattern Analysis and Machine Intelligence}, 
  title={The random subspace method for constructing decision forests}, 
  year={1998},
  volume={20},
  number={8},
  pages={832-844},
  keywords={Decision trees;Classification tree analysis;Training data;Clustering algorithms;Tin;Stochastic systems;Binary trees;Support vector machines;Support vector machine classification},
  doi={10.1109/34.709601}
}
@article{xgb,
    author = "Tianqi Chen and Carlos Guestrin",
    title = "XGBoost: A Scalable Tree Boosting System",
    journal = "arxiv",
    year = 2016
}
@MISC{WEBSITE:xgb-credit-0,
    HOWPUBLISHED = "\url{https://docs.aws.amazon.com/sagemaker/latest/dg/xgboost-HowItWorks.html}",
    TITLE = "How the SageMaker XGBoost algorithm works",
    NOTE = "Accessed on 2024-05-07"
}
@MISC{WEBSITE:xgb-credit-1,
    HOWPUBLISHED = "\url{https://www.geeksforgeeks.org/xgboost/}",
    TITLE = "XGBoost",
    YEAR = "2023",
    NOTE = "Accessed on 2024-05-07"
}
@book{esl,
    author = "Trevor Hastie and Robert Tibshirani and Jerome Friedman",
    title = "Elements of Statistical Learning: data mining, inference, and prediction. 2nd Edition",
    publisher = "Springer",
    year = 2009
}
@article{kfold-1,
    author = "Sylvain Arlot (LIENS) and Alain Celisse (MIA)",
    title = "A survey of cross-validation procedures for model selection",
    journal = "arxiv",
    year = 2009
}
@MISC{WEBSITE:skfold-credit,
    HOWPUBLISHED = "\url{https://dockship.io/articles/6045b9c1c2c7fa59d94ed69a/a-gentle-introduction-to-cross-validation}",
    AUTHOR = "Hiteshkumar Gupta",
    TITLE = "A Gentle Introduction to Cross Validation",
    YEAR = "2021",
    NOTE = "Accessed on 2024-05-07"
}

@article{c-eval,
    author = "David Martin Ward Powers",
    title = "Evaluation: From Precision, Recall and F-Factor to ROC, Informedness, Markedness & Correlation",
    journal = "Research Gate",
    year = 2008
}
@article{precision-recall,
    author = "Olson, David L. and Delen, Dursun",
    title = "Advanced Data Mining Techniques",
    journal = "Springer, 1st edition (February 1, 2008), page 138, ISBN 3-540-76916-1",
    year = 2008
}
@MISC{WEBSITE:cm-credit,
    HOWPUBLISHED = "\url{https://medium.com/analytics-vidhya/what-is-a-confusion-matrix-d1c0f8feda5}",
    AUTHOR = "Anuganti Suresh",
    TITLE = "What is a confusion matrix",
    YEAR = "2020",
    NOTE = "Accessed on 2024-05-07"
}


